
@article{chen2004,
  title = {Systematic Identification of Freeway Bottlenecks},
  author = {Chen, Chao and Skabardonis, Alexander and Varaiya, Pravin},
  date = {2004},
  journaltitle = {Transportation Research Record},
  volume = {1867},
  pages = {46--52},
  publisher = {{SAGE Publications Sage CA: Los Angeles, CA}},
  number = {1}
}

@report{spiller2017,
  title = {Recurring Traffic Bottlenecks: {{A}} Primer Focus on Low-Cost Operational Improvements},
  author = {Spiller, Neil C and Blizzard, Katherine and Margiotta, Rich and others},
  date = {2017},
  institution = {{United States. Federal Highway Administration. Office of Operations}}
}


